@misc {ONG,
AUTHOR = {Euractiv},
TITLE = {Energie et changement climatique : vers une politique européenne intégrée [FR]
},

HOWPUBLISHED = {Disponible en http://www.euractiv.com/fr/energie/energie-et-changement-climatique-vers-une-politique-europ-enne-int-gr-fr-linksdossier-188789.
},
YEAR = {2011},
}


@misc {FR,
AUTHOR = {LeMonde},
TITLE = {
Les Français croient-ils au réchauffement climatique de la planète ?
},
HOWPUBLISHED = {Disponible en http://ecologie.blog.lemonde.fr/2010/01/19/les-francais-croient-ils-au-rechauffement-climatique-de-la-planete/
},
YEAR = {2010},
}