@book{Cohn:1135106,
      author       = "Cohn, Mike",
      title        = "Agile estimating and planning",
      publisher    = "Pearson",
      address      = "Upper Saddle River, NJ",
      year         = "2006",
}
@misc{A01,
  author = {Author, A.},
  year = {2001},
  title = {Alpha},
  url = {www.tex.stackexchange.com},
}
